@inproceedings{joshi2015nearest,
  title={Nearest neighbor insertion algorithm for solving capacitated vehicle routing problem},
  author={Joshi, Sourabh and Kaur, Sarabjit},
  booktitle={2015 2nd International Conference on Computing for Sustainable Global Development (INDIACom)},
  pages={86--88},
  year={2015},
  organization={IEEE}
}

@inproceedings{jemai2012nsga,
  title={An NSGA-II algorithm for the green vehicle routing problem},
  author={Jemai, Jaber and Zekri, Manel and Mellouli, Khaled},
  booktitle={European Conference on Evolutionary Computation in Combinatorial Optimization},
  pages={37--48},
  year={2012},
  organization={Springer}
}

@article{munhoz2018general,
  title={General Variable Neighborhood Search for the Data Mule Scheduling Problem},
  author={Munhoz, Pablo Luiz Ara{\'u}jo and Gonz{\'a}lez, Pedro Henrique and dos Santos Souza, U{\'e}verton and Ochi, Luiz Satoru and Michelon, Philippe and Drummond, L{\'u}cia Maria de A},
  journal={Electronic Notes in Discrete Mathematics},
  volume={66},
  pages={71--78},
  year={2018},
  publisher={Elsevier}
}


@article{eksioglu2009vehicle,
  title={The vehicle routing problem: A taxonomic review},
  author={Eksioglu, Burak and Vural, Arif Volkan and Reisman, Arnold},
  journal={Computers \& Industrial Engineering},
  volume={57},
  number={4},
  pages={1472--1483},
  year={2009},
  publisher={Elsevier}
}

@article{lin2014survey,
  title={Survey of green vehicle routing problem: past and future trends},
  author={Lin, Canhong and Choy, King Lun and Ho, George TS and Chung, Sai Ho and Lam, HY},
  journal={Expert systems with applications},
  volume={41},
  number={4},
  pages={1118--1138},
  year={2014},
  publisher={Elsevier}
}

@article{baldacci2008exact,
  title={An exact algorithm for the vehicle routing problem based on the set partitioning formulation with additional cuts},
  author={Baldacci, Roberto and Christofides, Nicos and Mingozzi, Aristide},
  journal={Mathematical Programming},
  volume={115},
  number={2},
  pages={351--385},
  year={2008},
  publisher={Springer}
}

@article{christofides1981exact,
  title={Exact algorithms for the vehicle routing problem, based on spanning tree and shortest path relaxations},
  author={Christofides, Nicos and Mingozzi, Aristide and Toth, Paolo},
  journal={Mathematical programming},
  volume={20},
  number={1},
  pages={255--282},
  year={1981},
  publisher={Springer}
}

@article{vidal2020concise,
  title={A concise guide to existing and emerging vehicle routing problem variants},
  author={Vidal, Thibaut and Laporte, Gilbert and Matl, Piotr},
  journal={European Journal of Operational Research},
  volume={286},
  number={2},
  pages={401--416},
  year={2020},
  publisher={Elsevier}
}

@article{laporte2009fifty,
  title={Fifty years of vehicle routing},
  author={Laporte, Gilbert},
  journal={Transportation science},
  volume={43},
  number={4},
  pages={408--416},
  year={2009},
  publisher={INFORMS}
}

@article{fisher1981generalized,
  title={A generalized assignment heuristic for vehicle routing},
  author={Fisher, Marshall L and Jaikumar, Ramchandran},
  journal={Networks},
  volume={11},
  number={2},
  pages={109--124},
  year={1981},
  publisher={Wiley Online Library}
}

@article{vidal2013heuristics,
  title={Heuristics for multi-attribute vehicle routing problems: A survey and synthesis},
  author={Vidal, Thibaut and Crainic, Teodor Gabriel and Gendreau, Michel and Prins, Christian},
  journal={European Journal of Operational Research},
  volume={231},
  number={1},
  pages={1--21},
  year={2013},
  publisher={Elsevier}
}

@article{ma2012tour,
  title={Tour planning for mobile data-gathering mechanisms in wireless sensor networks},
  author={Ma, Ming and Yang, Yuanyuan and Zhao, Miao},
  journal={IEEE transactions on vehicular technology},
  volume={62},
  number={4},
  pages={1472--1483},
  year={2012},
  publisher={IEEE}
}

@article{sugihara2011path,
  title={Path planning of data mules in sensor networks},
  author={Sugihara, Ryo and Gupta, Rajesh K},
  journal={ACM Transactions on Sensor Networks (TOSN)},
  volume={8},
  number={1},
  pages={1--27},
  year={2011},
  publisher={ACM New York, NY, USA}
}

@article{rosenkrantz1977analysis,
  title={An analysis of several heuristics for the traveling salesman problem},
  author={Rosenkrantz, Daniel J and Stearns, Richard E and Lewis, II, Philip M},
  journal={SIAM journal on computing},
  volume={6},
  number={3},
  pages={563--581},
  year={1977},
  publisher={SIAM}
}

@book{knuth2014art,
  title={Art of computer programming, volume 2: Seminumerical algorithms},
  author={Knuth, Donald E},
  year={2014},
  publisher={Addison-Wesley Professional}
}

@article{ibarra2015planning,
  title={Planning, operation, and control of bus transport systems: A literature review},
  author={Ibarra-Rojas, Omar J and Delgado, Felipe and Giesen, Ricardo and Mu{\~n}oz, Juan Carlos},
  journal={Transportation Research Part B: Methodological},
  volume={77},
  pages={38--75},
  year={2015},
  publisher={Elsevier}
}

@article{hart1987semi,
  title={Semi-greedy heuristics: An empirical study},
  author={Hart, J Pirie and Shogan, Andrew W},
  journal={Operations Research Letters},
  volume={6},
  number={3},
  pages={107--114},
  year={1987},
  publisher={Elsevier}
}

@inproceedings{arcencio2021spanning,
  title={Spanning Cover Inequalities for the Capacitated Vehicle Routing Problem},
  author={Arcencio, Guilherme G and Mattioli, Matheus T and Hokama, Pedro HDB and San Felice, M{\'a}rio C{\'e}sar},
  booktitle={Anais do VI Encontro de Teoria da Computa{\c{c}}{\~a}o},
  pages={86--89},
  year={2021},
  organization={SBC}
}

@inproceedings{munhoz2019locality,
  title={Locality Sensitive Algotrithms for Data Mule Routing Problem},
  author={Munhoz, Pablo LA and do Carmo, Felipe P and Souza, U{\'e}verton S and Drummond, L{\'u}cia MA and Gonz{\'a}lez, Pedro Henrique and Ochi, Luiz S and Michelon, Philippe},
  booktitle={International Conference on Algorithmic Applications in Management},
  pages={236--248},
  year={2019},
  organization={Springer}
}