@book{glover2006handbook,
  title={Handbook of metaheuristics},
  author={Glover, Fred W. and Kochenberger, Gary A.},
  volume={57},
  year={2006},
  publisher={Springer Science \& Business Media}
}

@book{talbi2009metaheuristics,
  title={Metaheuristics: from design to implementation},
  author={Talbi, El-Ghazali},
  volume={74},
  year={2009},
  publisher={John Wiley \& Sons}
}

@article{hart1987semi,
  title={Semi-greedy heuristics: An empirical study},
  author={Hart, J Pirie and Shogan, Andrew W},
  journal={Operations Research Letters},
  volume={6},
  number={3},
  pages={107--114},
  year={1987},
  publisher={Elsevier}
}

@article{fisher1981generalized,
  title={A generalized assignment heuristic for vehicle routing},
  author={Fisher, Marshall L and Jaikumar, Ramchandran},
  journal={Networks},
  volume={11},
  number={2},
  pages={109--124},
  year={1981},
  publisher={Wiley Online Library}
}

@article{subramanian2012hybrid,
  title={A hybrid algorithm for the heterogeneous fleet vehicle routing problem},
  author={Subramanian, Anand and Penna, Puca Huachi Vaz and Uchoa, Eduardo and Ochi, Luiz Satoru},
  journal={European Journal of Operational Research},
  volume={221},
  number={2},
  pages={285--295},
  year={2012},
  publisher={Elsevier}
}

@misc{site,
  author={Vidal Thibaut},
  title={PRV Resources},
  note = {https://w1.cirrelt.ca/~vidalt/en/VRP-resources.html. 06 abr. 2020}
}

@book{dasgupta2008algorithms,
  title={Algorithms},
  author={Dasgupta, Sanjoy and Papadimitriou, Christos H and Vazirani, Umesh Virkumar},
  year={2008},
  publisher={McGraw-Hill Higher Education New York}
}

