@incollection{singireddy2018technology,
  title={Technology roadmap: Drone delivery--amazon prime air},
  author={Singireddy, Shiva Ram Reddy and Daim, Tugrul U},
  booktitle={Infrastructure and Technology Management},
  pages={387--412},
  year={2018},
  publisher={Springer}
}

@article{sugihara2011path,
  title={Path planning of data mules in sensor networks},
  author={Sugihara, Ryo and Gupta, Rajesh K},
  journal={ACM Transactions on Sensor Networks (TOSN)},
  volume={8},
  number={1},
  pages={1--27},
  year={2011},
  publisher={ACM New York, NY, USA}
}

@article{ha2018min,
  title={On the min-cost traveling salesman problem with drone},
  author={Ha, Quang Minh and Deville, Yves and Pham, Quang Dung and H{\`a}, Minh Ho{\`a}ng},
  journal={Transportation Research Part C: Emerging Technologies},
  volume={86},
  pages={597--621},
  year={2018},
  publisher={Elsevier}
}

@article{murray2015flying,
  title={The flying sidekick traveling salesman problem: Optimization of drone-assisted parcel delivery},
  author={Murray, Chase C and Chu, Amanda G},
  journal={Transportation Research Part C: Emerging Technologies},
  volume={54},
  pages={86--109},
  year={2015},
  publisher={Elsevier}
}

@article{sundar2013algorithms,
  title={Algorithms for routing an unmanned aerial vehicle in the presence of refueling depots},
  author={Sundar, Kaarthik and Rathinam, Sivakumar},
  journal={IEEE Transactions on Automation Science and Engineering},
  volume={11},
  number={1},
  pages={287--294},
  year={2013},
  publisher={IEEE}
}

@article{de2020variable,
  title={A variable neighborhood search for flying sidekick traveling salesman problem},
  author={de Freitas, J{\'u}lia C{\'a}ria and Penna, Puca Huachi Vaz},
  journal={International Transactions in Operational Research},
  volume={27},
  number={1},
  pages={267--290},
  year={2020},
  publisher={Wiley Online Library}
}

@article{khoufi2019survey,
  title={A survey of recent extended variants of the traveling salesman and vehicle routing problems for unmanned aerial vehicles},
  author={Khoufi, Ines and Laouiti, Anis and Adjih, Cedric},
  journal={Drones},
  volume={3},
  number={3},
  pages={66},
  year={2019},
  publisher={Multidisciplinary Digital Publishing Institute}
}

@article{mozaffari2019tutorial,
  title={A tutorial on UAVs for wireless networks: Applications, challenges, and open problems},
  author={Mozaffari, Mohammad and Saad, Walid and Bennis, Mehdi and Nam, Young-Han and Debbah, M{\'e}rouane},
  journal={IEEE communications surveys \& tutorials},
  volume={21},
  number={3},
  pages={2334--2360},
  year={2019},
  publisher={IEEE}
}

@inproceedings{chen2017travelling,
  title={Travelling salesman problem for UAV path planning with two parallel optimization algorithms},
  author={Chen, Jie and Ye, Fang and Li, Yibing},
  booktitle={2017 progress in electromagnetics research symposium-fall (PIERS-FALL)},
  pages={832--837},
  year={2017},
  organization={Ieee}
}

@article{sundar2013algorithms,
  title={Algorithms for routing an unmanned aerial vehicle in the presence of refueling depots},
  author={Sundar, Kaarthik and Rathinam, Sivakumar},
  journal={IEEE Transactions on Automation Science and Engineering},
  volume={11},
  number={1},
  pages={287--294},
  year={2013},
  publisher={IEEE}
}

@article{coutinho2016branch,
  title={A branch-and-bound algorithm for the close-enough traveling salesman problem},
  author={Coutinho, Walton Pereira and Nascimento, Roberto Quirino do and Pessoa, Artur Alves and Subramanian, Anand},
  journal={INFORMS Journal on Computing},
  volume={28},
  number={4},
  pages={752--765},
  year={2016},
  publisher={INFORMS}
}

@book{cheng2018formulations,
  title={Formulations and exact algorithms for drone routing problem},
  author={Cheng, Chun and Adulyasak, Yossiri and Rousseau, Louis-Martin},
  year={2018},
  publisher={CIRRELT, Centre interuniversitaire de recherche sur les r{\'e}seaux d'entreprise~â€¦}
}

@article{coutinho2018unmanned,
  title={The unmanned aerial vehicle routing and trajectory optimisation problem, a taxonomic review},
  author={Coutinho, Walton Pereira and Battarra, Maria and Fliege, J{\"o}rg},
  journal={Computers \& Industrial Engineering},
  volume={120},
  pages={116--128},
  year={2018},
  publisher={Elsevier}
}

@article{radmanesh2018overview,
  title={Overview of path-planning and obstacle avoidance algorithms for UAVs: A comparative study},
  author={Radmanesh, Mohammadreza and Kumar, Manish and Guentert, Paul H and Sarim, Mohammad},
  journal={Unmanned systems},
  volume={6},
  number={02},
  pages={95--118},
  year={2018},
  publisher={World Scientific}
}

@article{sarath2018prototype,
  title={Prototype survey of path planning and obstacle avoidance in UAV systems},
  author={Sarath Chandra, S and Sastry, ASCS},
  journal={Int. J. Eng. Technol.(UAE)},
  volume={7},
  pages={316--322},
  year={2018}
}

@article{macharet2018survey,
  title={A survey on routing problems and robotic systems},
  author={Macharet, Douglas G and Campos, Mario FM},
  journal={Robotica},
  volume={36},
  number={12},
  pages={1781--1803},
  year={2018},
  publisher={Cambridge University Press}
}

@inproceedings{jiang2017method,
  title={Method of task assignment for UAV based on particle swarm optimization in logistics},
  author={Jiang, Xiaowei and Zhou, Qiang and Ye, Ying},
  booktitle={Proceedings of the 2017 international conference on intelligent systems, metaheuristics \& swarm intelligence},
  pages={113--117},
  year={2017}
}

@article{agatz2018optimization,
  title={Optimization approaches for the traveling salesman problem with drone},
  author={Agatz, Niels and Bouman, Paul and Schmidt, Marie},
  journal={Transportation Science},
  volume={52},
  number={4},
  pages={965--981},
  year={2018},
  publisher={INFORMS}
}

@inproceedings{tu2018traveling,
  title={Traveling salesman problem with multiple drones},
  author={Tu, Phan Anh and Dat, Nguyen Tuan and Dung, Pham Quang},
  booktitle={Proceedings of the Ninth International Symposium on Information and Communication Technology},
  pages={46--53},
  year={2018}
}

@article{kitjacharoenchai2019multiple,
  title={Multiple traveling salesman problem with drones: Mathematical model and heuristic approach},
  author={Kitjacharoenchai, Patchara and Ventresca, Mario and Moshref-Javadi, Mohammad and Lee, Seokcheon and Tanchoco, Jose MA and Brunese, Patrick A},
  journal={Computers \& Industrial Engineering},
  volume={129},
  pages={14--30},
  year={2019},
  publisher={Elsevier}
}

@inproceedings{barroca2018improving,
  title={Improving message delivery in UAV-based delay tolerant networks},
  author={Barroca, Cintia and Grilo, Ant{\'o}nio and Pereira, Paulo Rog{\'e}rio},
  booktitle={2018 16th International Conference on Intelligent Transportation Systems Telecommunications (ITST)},
  pages={1--7},
  year={2018},
  organization={IEEE}
}

@article{wang2017vehicle,
  title={The vehicle routing problem with drones: several worst-case results},
  author={Wang, Xingyin and Poikonen, Stefan and Golden, Bruce},
  journal={Optimization Letters},
  volume={11},
  number={4},
  pages={679--697},
  year={2017},
  publisher={Springer}
}

@inproceedings{chen2018adaptive,
  title={Adaptive multiple task assignments for uavs using discrete particle swarm optimization},
  author={Chen, Kun and Sun, Qibo and Zhou, Ao and Wang, Shangguang},
  booktitle={International Conference on Internet of Vehicles},
  pages={220--229},
  year={2018},
  organization={Springer}
}

@article{luo2018integrated,
  title={Integrated optimization of unmanned aerial vehicle task allocation and path planning under steady wind},
  author={Luo, He and Liang, Zhengzheng and Zhu, Moning and Hu, Xiaoxuan and Wang, Guoqiang},
  journal={Plos one},
  volume={13},
  number={3},
  pages={e0194690},
  year={2018},
  publisher={Public Library of Science San Francisco, CA USA}
}